@ARTICLE{2011arXiv1108.0286B,
   author = {{Brent}, R.~P. and {Harvey}, D.},
    title = "{Fast computation of Bernoulli, Tangent and Secant numbers}",
  journal = {ArXiv e-prints},
     year = 2011,
    month = aug,
   howpublished = {\url{http://adsabs.harvard.edu/abs/2011arXiv1108.0286B}},
   note = {\url{http://adsabs.harvard.edu/abs/2011arXiv1108.0286B}}
}
@ARTICLE{2008arXiv0807.1347H,
   author = {{Harvey}, D.},
    title = "{A multimodular algorithm for computing Bernoulli numbers}",
  journal = {ArXiv e-prints},
     year = 2008,
    month = jul,
   howpublished = {\url{http://adsabs.harvard.edu/abs/2008arXiv0807.1347H}},
   note = {\url{http://adsabs.harvard.edu/abs/2008arXiv0807.1347H}}
}
@book{borwein1987pi,
  title={Pi and the AGM: a study in the analytic number theory and computational complexity},
  author={Borwein, Jonathan M and Borwein, Peter B},
  year={1987},
  publisher={Wiley-Interscience}
}
@article{akiyama2001multiple,
  title={Multiple zeta values at non-positive integers},
  author={Akiyama, Shigeki and Tanigawa, Yoshio},
  journal={The Ramanujan Journal},
  volume={5},
  number={4},
  pages={327--351},
  year={2001},
  publisher={Springer}
}

